@ARTICLE{2013yCat..74212414W,
   author = {{Woudt}, P.~A. and {Warner}, B. and {de Bude}, D. and {Macfarlane}, S. and 
	{Schurch}, M.~P.~E. and {Zietsman}, E.},
    title = "{Faint cataclysmic variables from SDSS (Woudt+, 2012)}",
  journal = {VizieR Online Data Catalog},
 keywords = {Binaries: cataclysmic, Photometry},
     year = 2013,
    month = jan,
   volume = 742,
    pages = {12414},
   adsurl = {http://adsabs.harvard.edu/abs/2013yCat..74212414W},
  adsnote = {Provided by the SAO/NASA Astrophysics Data System}
}

@ARTICLE{2012MNRAS.426.2137W,
   author = {{Woudt}, P.~A. and {Warner}, B. and {Zietsman}, E.},
    title = "{SDSS J0349-0059 is a GW Virginis star}",
  journal = {\mnras},
archivePrefix = "arXiv",
   eprint = {1208.1844},
 primaryClass = "astro-ph.SR",
 keywords = {techniques: photometric, stars: individual: SDSS J034917.41-005919.2, stars: oscillations},
     year = 2012,
    month = nov,
   volume = 426,
    pages = {2137-2141},
      doi = {10.1111/j.1365-2966.2012.21899.x},
   adsurl = {http://adsabs.harvard.edu/abs/2012MNRAS.426.2137W},
  adsnote = {Provided by the SAO/NASA Astrophysics Data System}
}

@ARTICLE{2012yCat..74210181R,
   author = {{Reed}, M.~D. and {Kilkenny}, D. and {O'Toole}, S. and {Ostensen}, R.~H. and 
	{Honer}, C. and {Gilker}, J.~T. and {Quint}, A.~C. and {Doennig}, A.~M. and 
	{Hicks}, L.~H. and {Thompson}, M.~A. and {McCart}, II, P.~A. and 
	{Zietsman}, E. and {Chen}, W.-P. and {Chen}, C.-W. and {Lin}, C.-C. and 
	{Beck}, P. and {Degroote}, P. and {Barlow}, B.~N. and {Reichart}, D.~E. and 
	{Nysewander}, M.~C. and {Lacluyze}, A.~P. and {Ivarsen}, K.~M. and 
	{Haislip}, J.~B. and {Baran}, A. and {Winiarski}, M. and {Drozdz}, M.
	},
    title = "{EC 01541-1409 pulsations frequencies (Reed+, 2012)}",
  journal = {VizieR Online Data Catalog},
 keywords = {Stars: variable, Stars: subdwarf, Stars: B-type},
     year = 2012,
    month = oct,
   volume = 742,
    pages = {10181},
   adsurl = {http://adsabs.harvard.edu/abs/2012yCat..74210181R},
  adsnote = {Provided by the SAO/NASA Astrophysics Data System}
}

@MISC{2012ascl.soft07010C,
   author = {{Crawford}, S.~M. and {Still}, M. and {Schellart}, P. and {Balona}, L. and 
	{Buckley}, D.~A.~H. and {Gulbis}, A.~A.~S. and {Kniazev}, A. and 
	{Kotze}, M. and {Loaring}, N. and {Nordsieck}, K.~H. and {Pickering}, T.~E. and 
	{Potter}, S. and {Romero Colmenero}, E. and {Vaisanen}, P. and 
	{Wiliams}, T. and {Zietsman}, E.},
    title = "{PySALT: SALT science pipeline}",
     note = {Astrophysics Source Code Library},
     year = 2012,
archivePrefix = "ascl",
   eprint = {1207.010},
    month = jul,
   adsurl = {http://adsabs.harvard.edu/abs/2012ascl.soft07010C},
  adsnote = {Provided by the SAO/NASA Astrophysics Data System}
}

@ARTICLE{2012MNRAS.421.2414W,
   author = {{Woudt}, P.~A. and {Warner}, B. and {de Bud{\'e}}, D. and {Macfarlane}, S. and 
	{Schurch}, M.~P.~E. and {Zietsman}, E.},
    title = "{High-speed photometry of faint cataclysmic variables - VII. Targets selected from the Sloan Digital Sky Survey and the Catalina Real-time Transient Survey}",
  journal = {\mnras},
archivePrefix = "arXiv",
   eprint = {1201.0671},
 primaryClass = "astro-ph.SR",
 keywords = {techniques: photometric, binaries: close, binaries: eclipsing, stars: dwarf novae, novae, cataclysmic variables},
     year = 2012,
    month = apr,
   volume = 421,
    pages = {2414-2429},
      doi = {10.1111/j.1365-2966.2012.20476.x},
   adsurl = {http://adsabs.harvard.edu/abs/2012MNRAS.421.2414W},
  adsnote = {Provided by the SAO/NASA Astrophysics Data System}
}

@ARTICLE{2012MNRAS.421..181R,
   author = {{Reed}, M.~D. and {Kilkenny}, D. and {O'Toole}, S. and {{\O}stensen}, R.~H. and 
	{Honer}, C. and {Gilker}, J.~T. and {Quint}, A.~C. and {Doennig}, A.~M. and 
	{Hicks}, L.~H. and {Thompson}, M.~A. and {McCart}, P.~A. and 
	{Zietsman}, E. and {Chen}, W.-P. and {Chen}, C.-W. and {Lin}, C.-C. and 
	{Beck}, P. and {Degroote}, P. and {Barlow}, B.~N. and {Reichart}, D.~E. and 
	{Nysewander}, M.~C. and {Lacluyze}, A.~P. and {Ivarsen}, K.~M. and 
	{Haislip}, J.~B. and {Baran}, A. and {Winiarski}, M. and {Drozdz}, M.
	},
    title = "{Multiyear and multisite photometric campaigns on the bright high-amplitude pulsating subdwarf B star EC 01541-1409}",
  journal = {\mnras},
 keywords = {stars: individual: EC 01541-1409, stars: oscillations, subdwarfs, stars: variables: general},
     year = 2012,
    month = mar,
   volume = 421,
    pages = {181-189},
      doi = {10.1111/j.1365-2966.2011.20289.x},
   adsurl = {http://adsabs.harvard.edu/abs/2012MNRAS.421..181R},
  adsnote = {Provided by the SAO/NASA Astrophysics Data System}
}

@ARTICLE{2012MNRAS.420.2596P,
   author = {{Potter}, S.~B. and {Romero-Colmenero}, E. and {Kotze}, M. and 
	{Zietsman}, E. and {Butters}, O.~W. and {Pekeur}, N. and {Buckley}, D.~A.~H.
	},
    title = "{On the spin modulated circular polarization from the intermediate polars NY Lup and IGR J15094-6649}",
  journal = {\mnras},
archivePrefix = "arXiv",
   eprint = {1111.5482},
 primaryClass = "astro-ph.HE",
 keywords = {accretion, accretion discs, methods: analytical, techniques: polarimetric, binaries: close, novae, cataclysmic variables, X-rays: stars},
     year = 2012,
    month = mar,
   volume = 420,
    pages = {2596-2602},
      doi = {10.1111/j.1365-2966.2011.20232.x},
   adsurl = {http://adsabs.harvard.edu/abs/2012MNRAS.420.2596P},
  adsnote = {Provided by the SAO/NASA Astrophysics Data System}
}

@ARTICLE{2011MNRAS.416.2202P,
   author = {{Potter}, S.~B. and {Romero-Colmenero}, E. and {Ramsay}, G. and 
	{Crawford}, S. and {Gulbis}, A. and {Barway}, S. and {Zietsman}, E. and 
	{Kotze}, M. and {Buckley}, D.~A.~H. and {O'Donoghue}, D. and 
	{Siegmund}, O.~H.~W. and {McPhate}, J. and {Welsh}, B.~Y. and 
	{Vallerga}, J.},
    title = "{Possible detection of two giant extrasolar planets orbiting the eclipsing polar UZ Fornacis}",
  journal = {\mnras},
archivePrefix = "arXiv",
   eprint = {1106.1404},
 primaryClass = "astro-ph.SR",
 keywords = {accretion, accretion discs, methods: analytical, binaries: close, novae, cataclysmic variables, planetary systems, X-rays: stars},
     year = 2011,
    month = sep,
   volume = 416,
    pages = {2202-2211},
      doi = {10.1111/j.1365-2966.2011.19198.x},
   adsurl = {http://adsabs.harvard.edu/abs/2011MNRAS.416.2202P},
  adsnote = {Provided by the SAO/NASA Astrophysics Data System}
}

@INPROCEEDINGS{2010SPIE.7737E..54C,
   author = {{Crawford}, S.~M. and {Still}, M. and {Schellart}, P. and {Balona}, L. and 
	{Buckley}, D.~A.~H. and {Dugmore}, G. and {Gulbis}, A.~A.~S. and 
	{Kniazev}, A. and {Kotze}, M. and {Loaring}, N. and {Nordsieck}, K.~H. and 
	{Pickering}, T.~E. and {Potter}, S. and {Romero Colmenero}, E. and 
	{Vaisanen}, P. and {Williams}, T. and {Zietsman}, E.},
    title = "{PySALT: the SALT science pipeline}",
booktitle = {Society of Photo-Optical Instrumentation Engineers (SPIE) Conference Series},
     year = 2010,
   series = {Society of Photo-Optical Instrumentation Engineers (SPIE) Conference Series},
   volume = 7737,
    month = jul,
      eid = {773725},
      doi = {10.1117/12.857000},
   adsurl = {http://adsabs.harvard.edu/abs/2010SPIE.7737E..54C},
  adsnote = {Provided by the SAO/NASA Astrophysics Data System}
}

@INPROCEEDINGS{2010SPIE.7735E.174B,
   author = {{Buckley}, D.~A.~H. and {Crawford}, S. and {Gulbis}, A.~A.~S. and 
	{McPhate}, J. and {Nordsieck}, K.~H. and {Potter}, S.~B. and 
	{O'Donoghue}, D. and {Siegmund}, O.~H.~W. and {Schellart}, P. and 
	{Spark}, M. and {Welsh}, B.~Y. and {Zietsman}, E.},
    title = "{Time resolved astronomy with the SALT}",
booktitle = {Society of Photo-Optical Instrumentation Engineers (SPIE) Conference Series},
     year = 2010,
   series = {Society of Photo-Optical Instrumentation Engineers (SPIE) Conference Series},
   volume = 7735,
    month = jul,
      eid = {773559},
      doi = {10.1117/12.858039},
   adsurl = {http://adsabs.harvard.edu/abs/2010SPIE.7735E.174B},
  adsnote = {Provided by the SAO/NASA Astrophysics Data System}
}

@ARTICLE{2010MNRAS.401...23R,
   author = {{Rodr{\'{\i}}guez-L{\'o}pez}, C. and {Lynas-Gray}, A.~E. and 
	{Kilkenny}, D. and {MacDonald}, J. and {Moya}, A. and {Koen}, C. and 
	{Woudt}, P.~A. and {Wium}, D.~J. and {Oruru}, B. and {Zietsman}, E.
	},
    title = "{The rapidly pulsating sdO star, SDSS J160043.6+074802.9}",
  journal = {\mnras},
archivePrefix = "arXiv",
   eprint = {0909.0930},
 primaryClass = "astro-ph.SR",
 keywords = {stars: oscillations, stars: individual: SDSS J160043.6+074802.9},
     year = 2010,
    month = jan,
   volume = 401,
    pages = {23-34},
      doi = {10.1111/j.1365-2966.2009.15660.x},
   adsurl = {http://adsabs.harvard.edu/abs/2010MNRAS.401...23R},
  adsnote = {Provided by the SAO/NASA Astrophysics Data System}
}

@ARTICLE{2009ApJ...707..652M,
   author = {{Mukai}, K. and {Zietsman}, E. and {Still}, M.},
    title = "{Suzaku Observations of the Dwarf Nova V893 Scorpii: The Discovery of a Partial X-ray Eclipse}",
  journal = {\apj},
archivePrefix = "arXiv",
   eprint = {0910.3421},
 primaryClass = "astro-ph.HE",
 keywords = {novae, cataclysmic variables, stars: individual: V893 Sco, X-rays: binaries},
     year = 2009,
    month = dec,
   volume = 707,
    pages = {652-661},
      doi = {10.1088/0004-637X/707/1/652},
   adsurl = {http://adsabs.harvard.edu/abs/2009ApJ...707..652M},
  adsnote = {Provided by the SAO/NASA Astrophysics Data System}
}

@ARTICLE{2007MNRAS.375.1325K,
   author = {{Kilkenny}, D. and {Copley}, C. and {Zietsman}, E. and {Worters}, H.
	},
    title = "{The slowly pulsating sdB star EC 21324-1346}",
  journal = {\mnras},
 keywords = {stars: individual: EC 21324-1346, stars: oscillations, stars: variables: other},
     year = 2007,
    month = mar,
   volume = 375,
    pages = {1325-1328},
      doi = {10.1111/j.1365-2966.2007.11382.x},
   adsurl = {http://adsabs.harvard.edu/abs/2007MNRAS.375.1325K},
  adsnote = {Provided by the SAO/NASA Astrophysics Data System}
}

@ARTICLE{2007PThPS.169..182M,
   author = {{Mukai}, K. and {Zietsman}, E. and {Still}, M.},
    title = "{The X-Ray Properties of the Dwarf Nova V893 Scorpii}",
  journal = {Progress of Theoretical Physics Supplement},
     year = 2007,
   volume = 169,
    pages = {182-186},
      doi = {10.1143/PTPS.169.182},
   adsurl = {http://adsabs.harvard.edu/abs/2007PThPS.169..182M},
  adsnote = {Provided by the SAO/NASA Astrophysics Data System}
}

@ARTICLE{2006MNRAS.371.1497W,
   author = {{Woudt}, P.~A. and {Kilkenny}, D. and {Zietsman}, E. and {Warner}, B. and 
	{Loaring}, N.~S. and {Copley}, C. and {Kniazev}, A. and {V{\"a}is{\"a}nen}, P. and 
	{Still}, M. and {Stobie}, R.~S. and {Burgh}, E.~B. and {Nordsieck}, K.~H. and 
	{Percival}, J.~W. and {O'Donoghue}, D. and {Buckley}, D.~A.~H.
	},
    title = "{SDSS J160043.6+074802.9: a very rapid sdO pulsator}",
  journal = {\mnras},
   eprint = {astro-ph/0607171},
 keywords = {stars: individual: SDSS J160043.6+074802.9: stars: oscillations: stars: variables: other, stars: individual: SDSS J160043.6+074802.9, stars: oscillations, stars: variables: other},
     year = 2006,
    month = sep,
   volume = 371,
    pages = {1497-1502},
      doi = {10.1111/j.1365-2966.2006.10788.x},
   adsurl = {http://adsabs.harvard.edu/abs/2006MNRAS.371.1497W},
  adsnote = {Provided by the SAO/NASA Astrophysics Data System}
}

